
@incollection{michael_comparative_2010,
	title = {Comparative study of interactive systems in a museum},
	url = {http://link.springer.com/chapter/10.1007/978-3-642-16873-4_19},
	pages = {250--261},
	booktitle = {Digital Heritage},
	publisher = {Springer},
	author = {Michael, Despina and Pelekanos, Nectarios and Chrysanthou, Isabelle and Zaharias, Panagiotis and Hadjigavriel, Loukia L. and Chrysanthou, Yiorgos},
	urldate = {2015-04-12},
	date = {2010}
}

@inproceedings{ackermann_direct_1994,
	title = {Direct manipulation of temporal structures in a multimedia application framework},
	url = {http://dl.acm.org/citation.cfm?id=192621},
	pages = {51--58},
	booktitle = {Proc. 2nd{ACM} international conference on Multimedia},
	publisher = {{ACM}},
	author = {Ackermann, Philipp},
	urldate = {2015-10-12},
	date = {1994},
    year = {1994}
}

@article{song_interactive_1999,
	title = {Interactive authoring of multimedia documents in a constraint-based authoring system},
	volume = {7},
	pages = {424--437},
	number = {5},
	journaltitle = {Multimedia Systems},
	author = {Song, Junehwa and Ramalingam, G. and Miller, Raymond and Yi, Byoung-Kee},
	urldate = {2015-10-12},
    year = {1999},
	date = {1999}
}
@inproceedings{poupyrev_tiles:_2001,
    title = {Tiles: A mixed reality authoring interface},
    shorttitle = {Tiles},
    pages = {334--341},
    booktitle = {{INTERACT} 2001 Conference on Human Computer Interaction},
    author = {Poupyrev, Ivan and Tan, Desney and Billinghurst, Mark and Kato, Hirokazu and Regenbrecht, Holger and Tetsutani, Nobuji},
    urldate = {2015-07-21},
    year = {2001},
    date = {2001}
}


@article{nitsche_mapping_2007,
    title = {Mapping time in video games},
    url = {http://www.academia.edu/download/30941363/Nitsche_DiGRA_07.pdf},
    pages = {145--151},
    journaltitle = {Proc. {DiGRA}2007: Situated Play},
    author = {Nitsche, Michael},
    urldate = {2015-04-12},
    date = {2007}
}


@inproceedings{santosa_direct_2013,
    title = {Direct space-time trajectory control for visual media editing},
    url = {http://dl.acm.org/citation.cfm?id=2466148},
    pages = {1149--1158},
    booktitle = {Proc. {SIGCHI} Conference on Human Factors in Computing Systems},
    publisher = {{ACM}},
    author = {Santosa, Stephanie and Chevalier, Fanny and Balakrishnan, Ravin and Singh, Karan},
    urldate = {2015-07-22},
    date = {2013}
}

@inproceedings{bresson_openmusic:_2011,
    title = {{OpenMusic}: visual programming environment for music composition, analysis and research},
    url = {http://dl.acm.org/citation.cfm?id=2072434},
    shorttitle = {{OpenMusic}},
    pages = {743--746},
    booktitle = {Proc. 19th {ACM} international conference on Multimedia},
    publisher = {{ACM}},
    author = {Bresson, Jean and Agon, Carlos and Assayag, Gérard},
    urldate = {2015-04-12},
    date = {2011},
    year = {2011}
}


@incollection{kim_unified_2013,
    location = {Dordrecht},
    title = {Unified Performance Authoring Tool for Heterogeneous Devices and Protocols},
    volume = {215},
    isbn = {978-94-007-5859-9 978-94-007-5860-5},
    url = {http://link.springer.com/10.1007/978-94-007-5860-5_57},
    pages = {481--487},
    booktitle = {{IT} Convergence and Security 2012},
    publisher = {Springer Netherlands},
    author = {Kim, Youngjae and Oh, Seungwon and Lee, Dongwook and Choi, Haewook and Kim, Jinsul and Hahn, Minsoo},
    editor = {Kim, Kuinam J. and Chung, Kyung-Yong},
    urldate = {2015-04-12},
    date = {2013},
    year = {2013}
}

@inproceedings{lee_stageviz:_2013,
    title = {{StageViz}: Visualization and Storyboarding Tool for Performing Art},
    url = {http://ieeexplore.ieee.org/xpls/abs_all.jsp?arnumber=6579494},
    shorttitle = {{StageViz}},
    pages = {1--3},
    booktitle = {Proc.  {ICISA} 2013 International Conference on Information Science and Applications},
    publisher = {{IEEE}},
    author = {Lee, Dongwook and Hahn, Minsoo},
    urldate = {2015-04-12},
    date = {2013}
}


@article{meixner_towards_2014,
    title = {Towards an easy to use authoring tool for interactive non-linear video},
    volume = {70},
    issn = {1380-7501, 1573-7721},
    url = {http://link.springer.com/10.1007/s11042-012-1218-6},
    doi = {10.1007/s11042-012-1218-6},
    pages = {1251--1276},
    number = {2},
    journaltitle = {Multimedia Tools and Applications},
    author = {Meixner, Britta and Matusik, Katarzyna and Grill, Christoph and Kosch, Harald},
    urldate = {2015-04-12},
    date = {2014-05},
    langid = {english}
}

@book{noble2009programming,
    title={Programming Interactivity: A Designer's Guide to Processing, Arduino, and Openframeworks},
    author={Noble, Joshua},
    year={2009},
    publisher={" O'Reilly Media, Inc."}
}
@inproceedings{hudson1993animation,
    title={Animation support in a user interface toolkit: Flexible, robust, and reusable abstractions},
    author={Hudson, Scott E and Stasko, John T},
    booktitle={Proc. 6th annual ACM symposium on User interface software and technology},
    pages={57--67},
    year={1993},
    organization={ACM}
}
@inproceedings{pouget2013interactive,
    title={Interactive debugging of dynamic dataflow embedded applications},
    author={Pouget, Kevin and Lopez Cueva, Patricia and Santana, Matheus and M{\'e}haut, Jean-Fran{\c{c}}ois},
    booktitle={Parallel and Distributed Processing Symposium Workshops \& PhD Forum (IPDPSW), 2013 IEEE 27th International},
    pages={345--354},
    year={2013},
    organization={IEEE}
}
@article{spinellis2014software,
    title={Software Development Tooling: Information, Opinion, Guidelines, and Tools},
    author={Spinellis, Diomidis and Androutsellis-Theotokis, Stephanos},
    journal={IEEE Software},
    number={6},
    pages={21--23},
    year={2014},
    publisher={IEEE}
}
@online{psimpl,
    author = {de Koning, Elmar},
    year = 2009,
    title = {PSIMPL - Polyline Simplification Library},
    urldate = {2015-01-10},
    url = {http://psimpl.sourceforge.net}
}
@article{baltazar2009virage,
    title={Virage: Une r{\'e}flexion pluridisciplinaire autour du temps dans la cr{\'e}ation num{\'e}rique},
    author={Baltazar, Pascal and Allombert, Antoine and Marczak, Rapha{\"e}l and Couturier, Jean-Michel and Roy, Magnolya and S{\`e}des, Anne and Desainte-Catherine, Myriam and others},
    year={2009}
}

@online{oscquery,
    author = {Cutler, Ray},
    year = 2015,
    title = {OSC Query protocol proposal},
    date = {2015-01-10},
    url = {https://github.com/mrRay/OSCQueryProposal}
}
@inproceedings{place2006jamoma,
    title={Jamoma: A modular standard for structuring patches in Max},
    author={Place, Tim and Lossius, Trond},
    booktitle={Proc. ICMC 2006},
    pages={143--146},
    year={2006}
}

@online{guiguestockhausen,	
	author = {Guigue, Didier and Trajano de Lima, Ernesto},
	title = {La répartition spectrale comme vecteur formel dans la Klavierstück n.11 de Stockhausen},
	url = {http://www.musimediane.com/numero4/Guigue-Trajano/},
	urldate = {2015-03-30}
}

@article{bonardi2007patch,
	title={Le patch comme document num{\'e}rique: support de cr{\'e}ation et de constitution de connaissances pour les arts de la performance},
	author={Bonardi, Alain and Barth{\'e}lemy, J{\'e}r{\^o}me},
	journal={CIDE’10 Proceedings},
	year={2007}
}


@inproceedings{allombert2007system,
	title={A system of interactive scores based on Petri nets},
	author={Allombert, Antoine and Assayag, G{\'e}rard and Desainte-Catherine, Myriam and others},
	booktitle={Proc. SMC 2007},
	pages={158--165},
	year={2007}
}
@phdthesis{mauricio2012structured,
	title={Structured Interactive Scores},
	author={Mauricio, Toro},
	year={2012},
	school={Universit{\'e} Sciences et Technologies-Bordeaux I}
}
@phdthesis{allombert2009aspects,
	title={Aspects temporels d’un systeme de partitions musicales interactives pour la composition et l’interpr{\'e}tation},
	author={Allombert, Antoine},
	year={2009},
	school={PhD thesis, Universit{\'e} de Bordeaux}
}
@article{allen1983maintaining,
	title={Maintaining knowledge about temporal intervals},
	author={Allen, James F},
	journal={Communications of the ACM},
	volume={26},
	number={11},
	pages={832--843},
	year={1983},
	publisher={ACM}
}


@inproceedings{allombert2006concurrent,
	title={Concurrent constraints models for interactive scores},
	author={Allombert, Antoine and Assayag, G{\'e}rard and Desainte-Catherine, Myriam and Rueda, Camilo and others},
	booktitle={Proc. SMC 2006},
	year={2006}
}


@inproceedings{hogue2014ossia,
	title={OSSIA : Open Scenario System for Interactive Applications},
	author={De la Hogue, Théo and Baltazar, Pascal and Desainte-Catherine, Myriam and Chao, Jaime and Bossut, Clément},
	organization={Journées de l'Informatique Musicale},
	year={2014}
}
@inproceedings{toro2010concurrent,
	title={Concurrent constraints conditional-branching timed interactive scores},
	author={Toro-Berm{\'u}dez, Mauricio and Desainte-Catherine, Myriam and others},
	booktitle={Proc. SMC 2010},
	year={2010},
	organization={Citeseer}
}

@article{toro2010model,
	title={A model for interactive scores with temporal constraints and conditional branching},
	author={Toro, Mauricio and Desainte-Catherine, Myriam and Baltazar, Pascal and others},
	journal={Proc. JIM 2010},
	pages={31--38},
	year={2010}
}
@inproceedings{arias2014modelling,
	title={Modelling Data Processing for Interactive Scores Using Coloured Petri Nets},
	author={Arias, J and Desainte-Catherine, M and Rueda, C},
	booktitle={Proc. ACSD 2014},
	pages={186--195},
	year={2014}
}

@article{arias2014executing,
    title={Executing Hierarchical Interactive Scores in ReactiveML},
    author={Arias, Jaime and Desainte-Catherine, Myriam and Salvati, Sylvain and Rueda, Camilo},
    journal={Actes des Journ{\'e}es d’Informatique Musicale},
    pages={25--34},
    year={2014}
}

@inproceedings{arias2015exploiting,
    title={Exploiting Parallelism in FPGAs for the Real-Time Interpretation of Interactive Multimedia Scores},
    author={Arias, Jaime and Desainte-Catherine, Myriam and Rueda, Camilo},
    booktitle={Proc. JIM 2015},
    year={2015}
}

@inproceedings{Baltazar:2014-i-score,
	Address = {Athens, Greece},
	Author = {Pascal Baltazar and Th{\'e}o de la Hogue and Myriam Desainte-Catherine},
	Booktitle = {Proc. ICMC / SMC 2014},
	Title = {i-score, an interactive sequencer for the intermedia arts},
	Year = {2014}
}

@inproceedings{Jamoma-JIM11,
	Address = {Saint-Etienne, France},
	Author = {De La Hogue, T. and Rabin, J. and Garnier, L.},
	Booktitle = {Proc. JIM 2011},
	Title = {{Jamoma Modular: une librairie C++ dediee au developpement d'applications modulaires pour la creation}},
	Year = {2011}
}


@inproceedings{celerier2015ossia,
	title={OSSIA: Towards a Unified Interface for Scoring Time and Interaction},
	author={Celerier, Jean-Micha{\"e}l and Yeti, Blue and Baltazar, Pascal and Bossut, Cl{\'e}ment and Vuaille, Nicolas and Couturier, Jean-Michel and Desainte-Catherine, Myriam},
    booktitle = {Proc. TENOR 2015},
	year={2015}
}

@article{taube1997introduction,
	title={{An Introduction to Common Music}},
	author={Taube, Heinrich},
	journal={Computer Music Journal},
	pages={29--34},
	year={1997},
	publisher={JSTOR}
}

@article{dannenbergnyquist,
    title={Machine tongues XIX: Nyquist, a language for composition and sound synthesis},
    author={Dannenberg, Roger B},
    journal={Computer Music Journal},
    pages={50--60},
    year={1997},
    publisher={JSTOR}
}

@article{launchbury1995state,
	title={State in haskell},
	author={Launchbury, John and Jones, Simon L Peyton},
	journal={Lisp and Symbolic Computation},
	volume={8},
	number={4},
	pages={293--341},
	year={1995},
	publisher={Springer}
}

@inproceedings{fober2013programming,
title={Programming interactive music scores with inscore},
author={Fober, Dominique and Letz, St{\'e}phane and Orlarey, Yann and Bevilacqua, Fr{\'e}d{\'e}ric},
booktitle={Proc. SMC 2013},
pages={185--190},
year={2013}
}

@inproceedings{coffy2014ascograph,
	title={AscoGraph: A User Interface for Sequencing and Score Following for Interactive Music},
	author={Coffy, Thomas and Giavitto, Jean-Louis and Cont, Arshia},
	booktitle={Proc. ICMC 2014},
	year={2014}
}

@book{shah2014mastering,
title={Mastering the Art of Unreal Engine 4-Blueprints},
author={Shah, Ryan},
year={2014},
publisher={Lulu.com}
}

@article{resnick2009scratch,
title={Scratch: programming for all},
author={Resnick, Mitchel and Maloney, John and Monroy-Hern{\'a}ndez, Andr{\'e}s and Rusk, Natalie and Eastmond, Evelyn and Brennan, Karen and Millner, Amon and Rosenbaum, Eric and Silver, Jay and Silverman, Brian and others},
journal={Communications of the ACM},
volume={52},
number={11},
pages={60--67},
year={2009},
publisher={ACM}
}


@inproceedings{bullock2011integra,
	title={Integra Live: a new graphical user interface for live electronic music},
	author={Bullock, Jamie and Beattie, Daniel and Turner, Jerome},
	booktitle={Proc. NIME 2011},
	pages={387--92},
	year={2011}
}

@article{adler1995emerging,
	title={Emerging standards for component software},
	author={Adler, Richard M},
	journal={Computer},
	volume={28},
	number={3},
	pages={68--77},
	year={1995},
	publisher={IEEE}
}

@inproceedings{cohen1999interface,
title={An interface for sketching 3D curves},
author={Cohen, Jonathan M and Markosian, Lee and Zeleznik, Robert C and Hughes, John F and Barzel, Ronen},
booktitle={Proc. 1999 symposium on Interactive 3D graphics},
pages={17--21},
year={1999},
organization={ACM}
}
@inproceedings{grossman2003interface,
	title={An interface for creating and manipulating curves using a high degree-of-freedom curve input device},
	author={Grossman, Tovi and Balakrishnan, Ravin and Singh, Karan},
	booktitle={Proc. SIGCHI conference on Human factors in computing systems},
	pages={185--192},
	year={2003},
	organization={ACM}
}
@article{bauer2002introduction,
	title={Introduction to the GiNaC framework for symbolic computation within the C++ programming language},
	author={Bauer, Christian and Frink, Alexander and Kreckel, Richard},
	journal={Journal of Symbolic Computation},
	volume={33},
	number={1},
	pages={1--12},
	year={2002},
	publisher={Elsevier}
}
@article{badros2001cassowary,
    title={The Cassowary linear arithmetic constraint solving algorithm},
    author={Badros, Greg J and Borning, Alan and Stuckey, Peter J},
    journal={ACM Transactions on Computer-Human Interaction (TOCHI)},
    volume={8},
    number={4},
    pages={267--306},
    year={2001},
    publisher={ACM}
}

